@webpage{uts18,
  title = {{Unicode} Technical Standard \#18: {Unicode} Regular Expressions. {Revision} 15},
  editor = {Mark Davis and Andy Heninger},
  month = {July},
  year = {2012},
  note = {The Unicode Consortium},
  url = {http://unicode.org/reports/tr18}
}

@webpage{ustd62,
  title = {The {Unicode} Standard, Version 6.2.0},
  author = {{The Unicode Consortium}}},
  year = 2012,
  url = {http://www.unicode.org/versions/Unicode6.2.0/}
}

@webpage{uax29,
  title = {{Unicode} Standard Annex \#29: {Unicode} Text Segmentation. {Revision} 21},
  editor = {Mark Davis},
  month = {September},
  year = {2012},
  note = {The Unicode Consortium},
  url = {http://www.unicode.org/reports/tr29/}
}

@webpage{jdk7pattern,
  title = {{java.util.regex.Pattern} class javadoc},
  author = {Oracle},
  year = {2013},
  url = {http://docs.oracle.com/javase/7/docs/api/java/util/regex/Pattern.html}
}

@webpage{icuregex,
  title = {Regular Expressions. {ICU} User Guide},
  author = {{IBM}},
  year = {2013},
  url = {http://userguide.icu-project.org/strings/regexp}
}

@webpage{perlunicode,
  title = {perlunicode man page, 5.16.2},
  url = {http://perldoc.perl.org/perlunicode.html}
}

@webpage{pythonregex,
  title = {mrab-regex-hg: New implementation of {P}ython regex},
  author = {Matthew Barnett},
  year = {2013},
  url = {https://code.google.com/p/mrab-regex-hg/}
}

@article{sgunicode,
  title = {Programming {Unicode}},
  author = {Simson L. Garfinkel},
  journal = {;login: The Magazine of {USENIX}},
  volume = {37},
  number = {2},
  year = {2012},
  pages = {25--37}
}

@inproceedings{StewartUckelmanIFIP2011,
  author = {Jon Stewart and Joel Uckelman},
  title = {Searching Massive Data Streams Using Multipattern Regular Expressions},
  booktitle = {Adv.\ in Digital Forensics VII},
  pages = {49--63},
  year = {2011},
  editor = {Gilbert Peterson and Sujeet Shenoi},
  publisher = {Springer}
}

@article{brownlang,
  author = {Ralf D. Brown},
  title = {Finding and identifying text in 900+ languages},
  journal = {Digital Investigation},
  volume = {9, Supplement},
  year = {2012},
  pages = {S24--S43}
}

@webpage{BulkExtractor,
  title = {bulk\_extractor},
  author = {Simson L. Garfinkel},
  url = {https://github.com/simsong/bulk_extractor}
}

@book{InfiniteJest,
  title = {Infinite Jest},
  author = {David Foster Wallace},
  year = {1996}
}
